%This is your bibliography file.
%It can be edited with a text editor, or with the BibTeX editor.
%It is in a very specific format, so make changes carefully.

%The following reference is for a webpage.
@online{schroeder2012,
  title = {Facebook Hits One Billion Active Users},
  url = {http://mashable.com/2012/10/04/facebook-one-billion/},
  abstract = {Facebook just officially reached one billion active users, Facebook {CEO} and co-founder Mark Zuckerberg has announced.},
  urldate = {2013-07-17},
  journal = {Mashable},
  author = {Schroeder, Stan},
  year = 2012,
  month = oct
}

%The following reference is for a science journal article.
@article{gossage2003two,
  title={Two separate growth phases during the development of Leishmania in sand flies: implications for understanding the life cycle},
  author={Gossage, Sharon M and Rogers, Matthew E and Bates, Paul A},
  journal={International journal for parasitology},
  volume={33},
  number={10},
  pages={1027--1034},
  year={2003},
  publisher={Elsevier},
}

@book{lewis1952mere,
  title={Mere Christianity},
  author={Lewis, C.S.},
  isbn={9780713800326},
  year={1952},
  publisher={Bles},
  address={London, UK}
}

@book{neufeld1976seventh,
  title={Seventh-Day Adventist Encyclopedia},
  author={Neufeld, D.F.},
  lccn={75043265},
  series={Commentary reference series},
  year={1976},
  publisher={Review and Herald Pub. Association},
  address={Washington, DC}
}

@book{white1898steps,
  title={Steps to Christ},
  author={White, E.G.H.},
  year={1898},
  publisher={Review and Herald},
  address={Washington, DC}
}

@book{ministerial1988seventh,
  title={Seventh-day Adventists believe... A Biblical exposition of 27 fundamental doctrines},
  author={Ministerial Association, of Seventh-Day Adventists},
  lccn={2008460234},
  year={1988},
  publisher={Ministerial Association, General Conference of Seventh-day Adventists},
  address={Washington, DC}
}

@book{white1969christ,
  title={Christ's Object Lessons},
  author={White, E.G.H.},
  isbn={9780828015400},
  series={Christian home library},
  year={1969},
  publisher={Review and Herald Publishing Association},
  address={Washington, DC}
}

@book{holbrook1982biblical,
  title={The Biblical Basis for a Modern Prophet},
  author={Holbrook, F.B. and Biblical Research Institute (General Conference of Seventh-Day Adventists)},
  year={1982},
  publisher={Biblical Research Institute},
  address={Silver Spring, MD}
}

@book{white1957commentary,
  title={SDA Bible Commentary, Vol. 7},
  author={White, E.G.H.},
  year={1957},
  publisher={Review and Herald Publishing Association},
  address={Washington, D.C.}
}

@book{white1908sermons,
  title={Sermons and Talks, vol. 1},
  author={White, E.G.H.},
  year={1990},
  publisher={Ellen G. White Estate},
  address={Silver Spring, MD}
}

@book{andreasen2006sanctuary,
  title={The Sanctuary Service},
  author={Andreasen, M.L.},
  isbn={9780828019897},
  year={2006},
  publisher={Review and Herald Publishing Association},
  address={Hagerstown, MD}
}

@book{white1898desire,
  title={The Desire of Ages},
  author={White, E.G.H.},
  isbn={9781612531069},
  year={1898},
  publisher={Pacific Press Publishing Association},
  address={Mountain View, CA}
}

@book{white1890pp,
  title={Patriarchs and Prophets},
  author={White, E.G.H.},
  isbn={9781612530581},
  year={1890},
  publisher={Review and Herald Publishing Association},
  address={Washington, D.C.}
}

@book{white1911GC,
  title={The Great Controversy},
  author={White, E.G.H.},
  year={1911},
  publisher={Pacific Press Publishing Association},
  address={Mountain View, CA}
}

@book{nichol1953seventh,
  title={Seventh-day Adventist Bible Commentary},
  author={Nichol, F.D.},
  number={Vol. 1},
  year={1953},
  publisher={Review \& Herald Publishing Association},
  address={Washington, D.C.}
}

@book{bacchiocchi1976rest,
  title={Rest for Modern Man},
  author={Bacchiocchi, S.},
  isbn={9780812701203},
  year={1976},
  publisher={Review \& Herald Publishing Association},
  address={Washington, D.C.}
}

@book{lewis1978decide,
  title={Decide for Yourself: A Theological Workbook},
  author={Lewis, G.R.},
  year={1978},
  publisher={Inter Varsity Press},
  address={Grove, IL}
}

@book{berkhof1996systematic,
  title={Systematic Theology},
  author={Berkhof, L.},
  isbn={9780802838209},
  lccn={96032290},
  year={1996},
  publisher={Eerdmans Publishing Company},
  address={Grand Rapids, MI},
}

@book{ladd1993theology,
  title={A Theology of the New Testament},
  author={Ladd, G.E. and Hagner, D.A.},
  isbn={9780802806802},
  lccn={93236610},
  year={1993},
  publisher={Eerdmans Publishing Company},
  address={Grand Rapids, MI},
}

@book{neufeld1979seventh,
  title={The Seventh-day Adventist Bible Dictionary},
  author={Neufeld, D.F.},
  series={Commentary Reference Series},
  year={1979},
  publisher={Review and Herald Publishing Association},
  address={Washington, DC}
}

@book{LaRondelle1980Salvation,
  title={Christ Our Salvation},
  author={Hans K LaRondelle},
  year={1980},
  publisher={Pacific Press},
  address={Mountain View, CA}
}

@article{Bradford1986church,
  title={What the Church Means to Me},
  author={Charles E. Bradford},
  journal={Adventist Review},
  volume={Nov. 20},
  year={1986},
  publisher={Review and Herald Publishing Association},
  address={Washington, DC}
}

@article{Rice1986baptism,
  title={Baptism: Union with Christ},
  author={George E. Rice},
  journal={Ministry},
  volume={May},
  year={1982},
  publisher={Review and Herald Publishing Association},
  address={Washington, DC}
}

@book{calvin1949john,
  title={Commenting on a Harmony of the Evangelists Vol. 1},
  author={Calvin, J.},
  year={1949},
  publisher={Eerdmans Publishing Company},
  address={Grand Rapids, MI}
}